

@inproceedings{dhcp-message-sequence,
    author = {PÃ¼rgstein, Lukas and Hof, Hans-Joachim},
    title = {A System to Save the Internet from the Malicious Internet of Things at Home},
    booktitle = {The Eleventh International Conference on Emerging Security Information, Systems and Technologies (SECURWARE 2017)},
    year = {2017},
    pages = {184},
    month = {09},
    note = {\url{https://www.researchgate.net/figure/Typical-DHCP-sequence_fig2_319932617} [accessed 15 Nov, 2023]},
}